@inproceedings{athota2020chatbot,
  title={Chatbot for healthcare system using artificial intelligence},
  author={Athota, Lekha and Shukla, Vinod Kumar and Pandey, Nitin and Rana, Ajay},
  booktitle={2020 8th International conference on reliability, infocom technologies and optimization (trends and future directions)(ICRITO)},
  pages={619--622},
  year={2020},
  organization={IEEE}
}

@article{xu2021chatbot,
  title={Chatbot for health care and oncology applications using artificial intelligence and machine learning: systematic review},
  author={Xu, Lu and Sanders, Leslie and Li, Kay and Chow, James CL and others},
  journal={JMIR cancer},
  volume={7},
  number={4},
  pages={e27850},
  year={2021},
  publisher={JMIR Publications Inc., Toronto, Canada}
}

@article{rajkomar2018scalable,
  title={Scalable and accurate deep learning with electronic health records},
  author={Rajkomar, Alvin and Oren, Eyal and Chen, Kai and Dai, Andrew M and Hajaj, Nissan and Hardt, Michaela and Liu, Peter J and Liu, Xiaobing and Marcus, Jake and Sun, Mimi and others},
  journal={NPJ digital medicine},
  volume={1},
  number={1},
  pages={1--10},
  year={2018},
  publisher={Nature Publishing Group}
}

@article{yu2018artificial,
  title={Artificial intelligence in healthcare},
  author={Yu, Kun-Hsing and Beam, Andrew L and Kohane, Isaac S},
  journal={Nature biomedical engineering},
  volume={2},
  number={10},
  pages={719--731},
  year={2018},
  publisher={Nature Publishing Group UK London}
}

@article{luo2016review,
  title={A review of automatic selection methods for machine learning algorithms and hyper-parameter values},
  author={Luo, Gang},
  journal={Network Modeling Analysis in Health Informatics and Bioinformatics},
  volume={5},
  pages={1--16},
  year={2016},
  publisher={Springer}
}

@article{char2018implementing,
  title={Implementing machine learning in health careâ€”addressing ethical challenges},
  author={Char, Danton S and Shah, Nigam H and Magnus, David},
  journal={The New England journal of medicine},
  volume={378},
  number={11},
  pages={981},
  year={2018},
  publisher={NIH Public Access}
}

@book{topol2019deep,
  title={Deep medicine: how artificial intelligence can make healthcare human again},
  author={Topol, Eric},
  year={2019},
  publisher={Hachette UK}
}

@article{folstad2017chatbots,
  title={Chatbots and the new world of HCI},
  author={F{\o}lstad, Asbj{\o}rn and Brandtz{\ae}g, Petter Bae},
  journal={interactions},
  volume={24},
  number={4},
  pages={38--42},
  year={2017},
  publisher={ACM New York, NY, USA}
}s

@inproceedings{quan2018lead,
  title={Lead engagement by automated real estate chatbot},
  author={Quan, Tho and Trinh, Trung and Ngo, Dang and Pham, Hon and Hoang, Long and Hoang, Hung and Thai, Thanh and Vo, Phong and Pham, Dang and Mai, Trung},
  booktitle={2018 5th NAFOSTED Conference on Information and Computer Science (NICS)},
  pages={357--359},
  year={2018},
  organization={IEEE}
}

@article{nguyen2020design,
  title={Design an intelligent system to automatically tutor the method for solving problems},
  author={Nguyen, Hien D and Tran, Dung A and Do, Huan P and Pham, Vuong T},
  journal={International journal of integrated engineering},
  volume={12},
  number={7},
  pages={211--223},
  year={2020}
}

@inproceedings{luong2017intent,
  title={Intent extraction from social media texts using sequential segmentation and deep learning models},
  author={Luong, Thai-Le and Cao, Minh-Son and Le, Duc-Thang and Phan, Xuan-Hieu},
  booktitle={2017 9th International Conference on Knowledge and Systems Engineering (KSE)},
  pages={215--220},
  year={2017},
  organization={IEEE}
}

@inproceedings{ngo2017identification,
  title={On the identification of suggestion intents from vietnamese conversational texts},
  author={Ngo, Thi-Lan and Pham, Khac Linh and Takeda, Hideaki and Pham, Son Bao and Phan, Xuan Hieu},
  booktitle={Proceedings of the 8th International Symposium on Information and Communication Technology},
  pages={417--424},
  year={2017}
}

@article{tran2020understanding,
  title={Understanding what the users say in chatbots: A case study for the Vietnamese language},
  author={Tran, Oanh Thi and Luong, Tho Chi},
  journal={Engineering Applications of Artificial Intelligence},
  volume={87},
  pages={103322},
  year={2020},
  publisher={Elsevier}
}

@article{jiang2022review,
  title={A Review of Yolo algorithm developments},
  author={Jiang, Peiyuan and Ergu, Daji and Liu, Fangyao and Cai, Ying and Ma, Bo},
  journal={Procedia computer science},
  volume={199},
  pages={1066--1073},
  year={2022},
  publisher={Elsevier}
}

@inproceedings{cong2016state,
  title={State-of-the-art Vietnamese word segmentation},
  author={Cong, Song Nguyen Duc and Ngo, Quoc Hung and Jiamthapthaksin, Rachsuda},
  booktitle={2016 2nd International Conference on Science in Information Technology (ICSITech)},
  pages={119--124},
  year={2016},
  organization={IEEE}
}

@inproceedings{goutte2005probabilistic,
  title={A probabilistic interpretation of precision, recall and F-score, with implication for evaluation},
  author={Goutte, Cyril and Gaussier, Eric},
  booktitle={European conference on information retrieval},
  pages={345--359},
  year={2005},
  organization={Springer}
}

